%% This BibTeX bibliography file was created using BibDesk.
%% http://bibdesk.sourceforge.net/


%% Created for Amiel Martin at 2009-05-25 02:43:35 -0700 


%% Saved with string encoding Unicode (UTF-8) 



@misc{web:machlin,
	Annote = {A short and informative essay deemed to be reputable based on the fact that the author also wrote \emph{performances in transcription}.},
	Author = {Paul Machlin},
	Date-Added = {2009-05-24 23:42:04 -0700},
	Date-Modified = {2009-05-24 23:56:21 -0700},
	Howpublished = {http://newarkwww.rutgers.edu/ijs/fw/music.htm (accessed May 24th, 2009)},
	Title = {The Music of Fats Waller}}

@misc{web:stride,
	Annote = {A simple french website with recordings and sheet music.},
	Author = {Paul Marcorelles},
	Date-Added = {2009-05-23 22:32:31 -0700},
	Date-Modified = {2009-05-24 23:44:09 -0700},
	Howpublished = {http://bmarcore.club.fr/waller/fats\_en.html (accessed May 23rd, 2009)},
	Title = {Fats Waller}}

@book{jazz_scene,
	Annote = {This older book offers a perspective on how Waller's music fits in with the jazz music culture at the time.},
	Author = {Francis Newton},
	Date-Added = {2009-05-23 18:54:41 -0700},
	Date-Modified = {2009-05-23 22:46:41 -0700},
	Publisher = {Monthly Review Press},
	Title = {The Jazz Scene},
	Year = {1960}}

@book{experience,
	Annote = {This book offered a good description of what exactly the ``stride'' piano style is.},
	Author = {Joseph Levey},
	Date-Added = {2009-05-23 18:18:05 -0700},
	Date-Modified = {2009-05-23 22:43:19 -0700},
	Publisher = {University Press of America},
	Title = {The Jazz Experience: A Guide to Appreciation},
	Year = {1983}}

@book{visions,
	Annote = {A large book with short but thorough sections on each of many jazz artists. Like most resources this book offeres good insight into Waller's history, and all aspects of his music.},
	Author = {Gary Giddins},
	Date-Added = {2009-05-23 16:17:17 -0700},
	Date-Modified = {2009-05-23 22:41:39 -0700},
	Publisher = {Oxford University Press},
	Title = {Visions of Jazz},
	Year = {1998}}

@book{life,
	Annote = {A detailed biography with good insight on his lifestyle as well as stylistic traits and success.},
	Author = {Alyn Shipton},
	Date-Added = {2009-05-23 15:46:17 -0700},
	Date-Modified = {2009-05-23 22:51:15 -0700},
	Publisher = {Universe Books},
	Title = {Fats Waller: his Life \& Times},
	Year = {1988}}

@inbook{grove-book:waller,
	Annote = {A really good starting point for research, as well as a place to find good descriptions of his stylistic traits etc.},
	Author = {Alyn Shipton and Bill Dobbins},
	Booktitle = {The New Grove Dictionary of Music and Musicians},
	Date-Modified = {2009-05-24 18:45:32 -0700},
	Edition = {Second Edition},
	Editor = {Stanley Sadie},
	Pages = {39--40},
	Publisher = {Macmillan Publishers Limited},
	Title = {Waller, Fats},
	Volume = {27},
	Year = 2001}

@book{transcriptions,
	Annote = {Full transcriptions of some of Waller's recordings with Commentary for each. What a great resource. unfortunately, this book is non-circulating at Western's music library, so I didn't get much time with it. I did find it very useful to find musical examples, and to read about stylistic analysis. Also unfortunately, references to this book are missing page numbers because my photocopies are missing them.},
	Date-Added = {2009-05-22 23:54:49 -0700},
	Date-Modified = {2009-05-25 02:42:25 -0700},
	Editor = {Paul S. Machlin},
	Publisher = {A-R Editions Inc},
	Title = {Thomas Wright "Fats" Waller : performances in transcription, 1927-1943},
	Year = {2001}}

@periodical{outside-insider,
	Annote = {A great article that talks mostly about his lyrics, but also his treatmest of commercial music and lifestyle.},
	Author = {Morroe Berger},
	Date-Added = {2009-05-22 23:04:37 -0700},
	Date-Modified = {2009-05-23 22:47:52 -0700},
	Journal = {Journal of Jazz Studies},
	Pages = {3--20},
	Read = {Yes},
	Title = {Fats Waller: The Outside Insider},
	Volume = {1},
	Year = {1973-74}}

@book{anecdotes,
	Annote = {As the title indicates, this book is a collection of stories about many jazz artists.},
	Author = {Bill Crow},
	Date-Added = {2009-05-22 21:58:42 -0700},
	Date-Modified = {2009-05-23 22:42:34 -0700},
	Publisher = {Oxford University Press},
	Title = {Jazz Anecdotes},
	Year = {1990}}

@misc{youtube-joint_is_jumpin,
	Annote = {A soundie of the Joint is Jumpin'. It was very great to be able to see Fats sing and play.},
	Date-Added = {2009-05-21 23:51:32 -0700},
	Date-Modified = {2009-05-23 22:40:00 -0700},
	Howpublished = {http://www.youtube.com/watch?v=JLKSvqPnwro (accessed May 22nd, 2009)},
	Title = {Fats Waller !!!! the Joint is Jumpin'         }}
